@misc{57-worldstats,
	author = {},
	title = {World Internet Users and 2020 Population Stats},
	year = {[Accessed 02-Apr-2020]},
	publisher = {},
	journal = {},
	howpublished = {\url{https://www.internetworldstats.com/stats.htm}}
}

@misc{1-dos-concept,
	author = {},
	title = {Understanding Denial-of-Service Attacks US-CERT. 6 February 2013},
	year = {[Accessed 02-Apr-2020]},
	publisher = {},
	journal = {},
	howpublished = {\url{https://www.us-cert.gov/ncas/tips/ST04-015}}
}

@misc{2-imperva,
	author = {},
	title = {Distributed denial of service attack (DDoS) definition},
	year = {[Accessed 02-Apr-2020]},
	publisher = {},
	journal = {},
	howpublished = {\url{https://www.imperva.com/learn/application-security/ddos-attacks/}}
}

@INPROCEEDINGS{3-Ko,
	author={ {Nam-Seok Ko} and  {Sung-Kee Noh} and  {Jong-Dae Park} and  {Soon-Seok Lee} and  {Hong-Shik Park}},
	booktitle={Digest of the 9th International Conference on Optical Internet (COIN 2010)}, 
	title={An efficient anti-DDoS mechanism using flow-based forwarding technology}, 
	year={2010},
	volume={},
	number={},
	pages={1-3},
}

@article{4-Fallah,
	author = {Fallah, Mehran and Kahani, Nafiseh},
	year = {2014},
	month = {02},
	pages = {254-264},
	title = {TDPF: A traceback-based distributed packet filter to mitigate spoofed DDoS attacks},
	volume = {7},
	journal = {Security and Communication Networks},
	doi = {10.1002/sec.725}
}

@ARTICLE{5-Yoon,
	author={M. {Yoon}},
	journal={IEEE Communications Magazine}, 
	title={Using whitelisting to mitigate DDoS attacks on critical Internet sites}, 
	year={2010},
	volume={48},
	number={7},
	pages={110-115},
}

@misc{6-wired,
	author = {},
	title = {What We Know About Friday's Massive East Coast Internet Outage},
	year = {[Accessed 02-Apr-2020]},
	publisher = {},
	journal = {},
	howpublished = {\url{https://www.wired.com/2016/10/internet-outage-ddos-dns-dyn/}}
}

@misc{7-wired,
	author = {},
	title = {GitHub Survived the Biggest DDoS Attack Ever Recorded},
	year = {[Accessed 02-Apr-2020]},
	publisher = {},
	journal = {},
	howpublished = {\url{https://www.wired.com/story/github-ddos-memcached/}}
}

@misc{8-bbc,
	author = {},
	title = {Web attack knocks BBC websites offline},
	year = {[Accessed 02-Apr-2020]},
	publisher = {},
	journal = {},
	howpublished = {\url{https://www.bbc.com/news/technology-35204915}}
}

@misc{9-cnbc,
	author = {},
	title = {Record-breaking DDoS attack strikes CloudFlare’s network},
	year = {[Accessed 02-Apr-2020]},
	publisher = {},
	journal = {},
	howpublished = {\url{https://www.cnbc.com/2014/02/11/record-breaking-ddos-attack-strikes-cloudflares-network.html}}
}

@misc{10-cloudflare,
	author = {},
	title = {The DDoS That Knocked Spamhaus Offline (And How We Mitigated It)},
	year = {[Accessed 02-Apr-2020]},
	publisher = {},
	journal = {},
	howpublished = {\url{https://blog.cloudflare.com/the-ddos-that-knocked-spamhaus-offline-and-ho/}}
}

@article{13-McKeown,
	author = {McKeown, Nick and Anderson, Tom and Balakrishnan, Hari and Parulkar, Guru and Peterson, Larry and Rexford, Jennifer and Shenker, Scott and Turner, Jonathan},
	title = {OpenFlow: Enabling Innovation in Campus Networks},
	year = {2008},
	issue_date = {April 2008},
	publisher = {Association for Computing Machinery},
	address = {New York, NY, USA},
	volume = {38},
	number = {2},
	issn = {0146-4833},
	url = {https://doi.org/10.1145/1355734.1355746},
	doi = {10.1145/1355734.1355746},
	journal = {SIGCOMM Comput. Commun. Rev.},
	month = mar,
	pages = {69–74},
	numpages = {6},
	keywords = {virtualization, flow-based, ethernet switch}
}

@ARTICLE{11-Kreutz,
	author={D. {Kreutz} and F. M. V. {Ramos} and P. E. {Veríssimo} and C. E. {Rothenberg} and S. {Azodolmolky} and S. {Uhlig}},
	journal={Proceedings of the IEEE}, 
	title={Software-Defined Networking: A Comprehensive Survey}, 
	year={2015},
	volume={103},
	number={1},
	pages={14-76},}

@ARTICLE{14-Lara,
	author={A. {Lara} and A. {Kolasani} and B. {Ramamurthy}},
	journal={IEEE Communications Surveys   Tutorials}, 
	title={Network Innovation using OpenFlow: A Survey}, 
	year={2014},
	volume={16},
	number={1},
	pages={493-512},}

@misc{16-openvswitch,
	author = {},
	title = {What Is Open vSwitch?},
	year = {[Accessed 02-Apr-2020]},
	publisher = {},
	journal = {},
	howpublished = {\url{http://docs.openvswitch.org/en/latest/intro/what-is-ovs/}}
}

@INPROCEEDINGS{17-Asadollahi,
	author={S. {Asadollahi} and B. {Goswami} and M. {Sameer}},
	booktitle={2018 IEEE International Conference on Current Trends in Advanced Computing (ICCTAC)}, 
	title={Ryu controller's scalability experiment on software defined networks}, 
	year={2018},
	volume={},
	number={},
	pages={1-5},}

@inproceedings{18-Dey,
	title={Machine Learning Algorithms : A Review},
	author={Ayon Dey},
	booktitle={International Journal of Computer Science and Information Technologies (IJCSIT)},
	year={2016},
	pages={1174-1179},
	volume={7},
}

@inproceedings{19-Welling,
	booktitle={A First Encounter with Machine Learning},
	author={Max Welling and D. Bren},
	publisher={University of California Irvine},
	year={2010}
}

@BOOK{20-Bowles,
	title = {Machine Learning in Python: Essential Techniques for Predictive Analysis},
	author = {Michael T. Bowles},
	year = {2015},
	publisher={"John Wiley \& Sons Inc"}
}

@inproceedings{21-Kotsiantis,
	author = {Kotsiantis, S. B.},
	title = {Supervised Machine Learning: A Review of Classification Techniques},
	year = {2007},
	isbn = {9781586037802},
	publisher = {IOS Press},
	address = {NLD},
	booktitle = {Proceedings of the 2007 Conference on Emerging Artificial Intelligence Applications in Computer Engineering: Real Word AI Systems with Applications in EHealth, HCI, Information Retrieval and Pervasive Technologies},
	pages = {3–24},
	numpages = {22},
	keywords = {Classifiers, Learning Algorithms, Intelligent Data Analysis, Data Mining}
}

@INPROCEEDINGS{25-Du,
	author={X. {Du} and Y. {Cai} and S. {Wang} and L. {Zhang}},
	booktitle={2016 31st Youth Academic Annual Conference of Chinese Association of Automation (YAC)}, 
	title={Overview of deep learning}, 
	year={2016},
	volume={},
	number={},
	pages={159-164},}

@inbook{26-McCulloch,
	author = {McCulloch, Warren S. and Pitts, Walter},
	title = {A Logical Calculus of the Ideas Immanent in Nervous Activity},
	year = {1988},
	isbn = {0262010976},
	publisher = {MIT Press},
	address = {Cambridge, MA, USA},
	booktitle = {Neurocomputing: Foundations of Research},
	pages = {15–27},
	numpages = {13}
}

@ARTICLE{62-Shrestha,
	author={A. {Shrestha} and A. {Mahmood}},
	journal={IEEE Access}, 
	title={Review of Deep Learning Algorithms and Architectures}, 
	year={2019},
	volume={7},
	number={},
	pages={53040-53065},}

@ARTICLE{63-Nwankpa,
	author = {{Nwankpa}, Chigozie and {Ijomah}, Winifred and {Gachagan}, Anthony and
	{Marshall}, Stephen},
	title = "{Activation Functions: Comparison of trends in Practice and Research for Deep Learning}",
	journal = {arXiv e-prints},
	keywords = {Computer Science - Machine Learning, Computer Science - Computer Vision and Pattern Recognition},
	year = 2018,
	month = nov,
	eid = {arXiv:1811.03378},
	pages = {arXiv:1811.03378},
	archivePrefix = {arXiv},
	eprint = {1811.03378},
	primaryClass = {cs.LG},
	adsurl = {https://ui.adsabs.harvard.edu/abs/2018arXiv181103378N},
	adsnote = {Provided by the SAO/NASA Astrophysics Data System}
}

@ARTICLE{27-Corin,
	author={R. {Doriguzzi-Corin} and S. {Millar} and S. {Scott-Hayward} and J. {Martínez-del-Rincón} and D. {Siracusa}},
	journal={IEEE Transactions on Network and Service Management}, 
	title={Lucid: A Practical, Lightweight Deep Learning Solution for DDoS Attack Detection}, 
	year={2020},
	volume={17},
	number={2},
	pages={876-889},}

@INPROCEEDINGS{29-Feinstein,
	author={L. {Feinstein} and D. {Schnackenberg} and R. {Balupari} and D. {Kindred}},
	booktitle={Proceedings DARPA Information Survivability Conference and Exposition}, 
	title={Statistical approaches to DDoS attack detection and response}, 
	year={2003},
	volume={1},
	number={},
	pages={303-314 vol.1},}

@article{30-Bojovic,
	title={A practical approach to detection of distributed denial-of-service attacks using a hybrid detection method},
	author={Bojovi{\'c}, PD and Ba{\v{s}}i{\v{c}}evi{\'c}, Ilija and Ocovaj, Stanislav and Popovi{\'c}, Miroslav},
	journal={Computers \& Electrical Engineering},
	volume={73},
	pages={84--96},
	year={2019},
	publisher={Elsevier}
}

@ARTICLE{32-Kumar,
	author={P. {Kumar} and M. {Tripathi} and A. {Nehra} and M. {Conti} and C. {Lal}},
	journal={IEEE Transactions on Network and Service Management}, 
	title={SAFETY: Early Detection and Mitigation of TCP SYN Flood Utilizing Entropy in SDN}, 
	year={2018},
	volume={15},
	number={4},
	pages={1545-1559},}

@ARTICLE{33-Ring,
	author = {{Ring}, Markus and {Wunderlich}, Sarah and {Scheuring}, Deniz and {Land
	es}, Dieter and {Hotho}, Andreas},
	title = "{A Survey of Network-based Intrusion Detection Data Sets}",
	journal = {arXiv e-prints},
	keywords = {Computer Science - Cryptography and Security},
	year = 2019,
	month = mar,
	eid = {arXiv:1903.02460},
	pages = {arXiv:1903.02460},
	archivePrefix = {arXiv},
	eprint = {1903.02460},
	primaryClass = {cs.CR},
	adsurl = {https://ui.adsabs.harvard.edu/abs/2019arXiv190302460R},
	adsnote = {Provided by the SAO/NASA Astrophysics Data System}
}

@INPROCEEDINGS{34-Santanna,
	author={J. J. {Santanna} and R. {van Rijswijk-Deij} and R. {Hofstede} and A. {Sperotto} and M. {Wierbosch} and L. Z. {Granville} and A. {Pras}},
	booktitle={2015 IFIP/IEEE International Symposium on Integrated Network Management (IM)}, 
	title={Booters — An analysis of DDoS-as-a-service attacks}, 
	year={2015},
	volume={},
	number={},
	pages={243-251},}

@article{35-Shiravi,
	author = {Shiravi, Ali and Shiravi, Hadi and Tavallaee, Mahbod and Ghorbani, Ali A.},
	title = {Toward Developing a Systematic Approach to Generate Benchmark Datasets for Intrusion Detection},
	year = {2012},
	issue_date = {May, 2012},
	publisher = {Elsevier Advanced Technology Publications},
	address = {GBR},
	volume = {31},
	number = {3},
	issn = {0167-4048},
	url = {https://doi.org/10.1016/j.cose.2011.12.012},
	doi = {10.1016/j.cose.2011.12.012},
	journal = {Comput. Secur.},
	month = may,
	pages = {357–374},
	numpages = {18},
	keywords = {Network traffic profile, Dataset generation, Intrusion detection}
}

@conference{36-Sharafaldin,
	author={Iman Sharafaldin. and Arash Habibi Lashkari. and Ali A. Ghorbani.},
	title={Toward Generating a New Intrusion Detection Dataset and Intrusion Traffic Characterization},
	booktitle={Proceedings of the 4th International Conference on Information Systems Security and Privacy - Volume 1: ICISSP,},
	year={2018},
	pages={108-116},
	publisher={SciTePress},
	organization={INSTICC},
	doi={10.5220/0006639801080116},
	isbn={978-989-758-282-0},
}

@misc{36a-ids2018,
	author = {Canadian Institute for Cybersecurity},
	title = {A Realistic Cyber Defense Dataset (CSE-CIC-IDS2018)},
	year = {[Accessed 02-Apr-2020]},
	publisher = {},
	journal = {},
	howpublished = {\url{https://registry.opendata.aws/cse-cic-ids2018/}}
}

@misc{37-cicflowmeter,
	author = {Canadian Institute for Cybersecurity},
	title = {CICFlowMeter},
	year = {[Accessed 02-Apr-2020]},
	publisher = {},
	journal = {},
	howpublished = {\url{https://www.unb.ca/cic/research/applications.html}}
}

@article{39-Lippmann,
	author = {Lippmann, Richard and Haines, Joshua W. and Fried, David J. and Korba, Jonathan and Das, Kumar},
	title = {The 1999 DARPA Off-Line Intrusion Detection Evaluation},
	year = {2000},
	issue_date = {Oct. 2000},
	publisher = {Elsevier North-Holland, Inc.},
	address = {USA},
	volume = {34},
	number = {4},
	issn = {1389-1286},
	url = {https://doi.org/10.1016/S1389-1286(00)00139-0},
	doi = {10.1016/S1389-1286(00)00139-0},
	journal = {Comput. Netw.},
	month = oct,
	pages = {579–595},
	numpages = {17},
	keywords = {audit, attack, test bed, intrusion detection, evaluate}
}

@misc{38-Stolfo,
	author = {S. Stolfo},
	title = {KDD Cup 99 dataset},
	year = {[Accessed 02-Apr-2020]},
	publisher = {},
	journal = {},
	howpublished = {\url{http://kdd.ics.uci.edu/databases/kddcup99/kddcup99.html}}
}

@INPROCEEDINGS{40-Tavallaee,
	author={M. {Tavallaee} and E. {Bagheri} and W. {Lu} and A. A. {Ghorbani}},
	booktitle={2009 IEEE Symposium on Computational Intelligence for Security and Defense Applications}, 
	title={A detailed analysis of the KDD CUP 99 data set}, 
	year={2009},
	volume={},
	number={},
	pages={1-6},}

@INPROCEEDINGS{41-He,
	author={Z. {He} and T. {Zhang} and R. B. {Lee}},
	booktitle={2017 IEEE 4th International Conference on Cyber Security and Cloud Computing (CSCloud)}, 
	title={Machine Learning Based DDoS Attack Detection from Source Side in Cloud}, 
	year={2017},
	volume={},
	number={},
	pages={114-120},}

@INPROCEEDINGS{42-Doshi,
	author={R. {Doshi} and N. {Apthorpe} and N. {Feamster}},
	booktitle={2018 IEEE Security and Privacy Workshops (SPW)}, 
	title={Machine Learning DDoS Detection for Consumer Internet of Things Devices}, 
	year={2018},
	volume={},
	number={},
	pages={29-35},}

@INPROCEEDINGS{47-Koay,
	author={A. {Koay} and A. {Chen} and I. {Welch} and W. K. G. {Seah}},
	booktitle={2018 International Conference on Information Networking (ICOIN)}, 
	title={A new multi classifier system using entropy-based features in DDoS attack detection}, 
	year={2018},
	volume={},
	number={},
	pages={162-167},}

@ARTICLE{48-Yin,
	author={C. {Yin} and Y. {Zhu} and J. {Fei} and X. {He}},
	journal={IEEE Access}, 
	title={A Deep Learning Approach for Intrusion Detection Using Recurrent Neural Networks}, 
	year={2017},
	volume={5},
	number={},
	pages={21954-21961},}

@article{49-Min,
	author = {Min, Erxue and Long, Jun and Liu, Qiang and Cui, Jianjing and Chen, Wei},
	year = {2018},
	month = {07},
	pages = {1-9},
	title = {TR-IDS: Anomaly-Based Intrusion Detection through Text-Convolutional Neural Network and Random Forest},
	volume = {2018},
	journal = {Security and Communication Networks},
	doi = {10.1155/2018/4943509}
}

@ARTICLE{50-Wu,
	author={K. {Wu} and Z. {Chen} and W. {Li}},
	journal={IEEE Access}, 
	title={A Novel Intrusion Detection Model for a Massive Network Using Convolutional Neural Networks}, 
	year={2018},
	volume={6},
	number={},
	pages={50850-50859},}

@INPROCEEDINGS{28-Yuan,
	author={X. {Yuan} and C. {Li} and X. {Li}},
	booktitle={2017 IEEE International Conference on Smart Computing (SMARTCOMP)}, 
	title={DeepDefense: Identifying DDoS Attack via Deep Learning}, 
	year={2017},
	volume={},
	number={},
	pages={1-8},}

@ARTICLE {61-Basnet,
	author  = {Ram B. Basnet, Riad Shash, Clayton Johnson, Lucas Walgren, and Tenzin Doleck},
	title   = {Towards Detecting and Classifying Network Intrusion Traffic Using Deep Learning Frameworks},
	journal = {Journal of Internet Services and Information Security (JISIS)},
	year    = {2019},
	volume  = {9},
	number  = {4},
	pages   = {1-17},
	month   = {nov},
}

@INPROCEEDINGS{51-Fonseca,
	author={P. {Fonseca} and R. {Bennesby} and E. {Mota} and A. {Passito}},
	booktitle={2012 IEEE Network Operations and Management Symposium}, 
	title={A replication component for resilient OpenFlow-based networking}, 
	year={2012},
	volume={},
	number={},
	pages={933-939},}

@INPROCEEDINGS{52-Kim,
	author={ {Myung-Sup Kim} and  {Hun-Jeong Kong} and  {Seong-Cheol Hong} and  {Seung-Hwa Chung} and J. W. {Hong}},
	booktitle={2004 IEEE/IFIP Network Operations and Management Symposium (IEEE Cat. No.04CH37507)}, 
	title={A flow-based method for abnormal network traffic detection}, 
	year={2004},
	volume={1},
	number={},
	pages={599-612 Vol.1},}

@ARTICLE {56-manso,
	author  = {Manso, Pedro; Moura, José; Serrão, Carlos},
	title   = {SDN-Based Intrusion Detection System for Early Detection and Mitigation of DDoS Attacks},
	journal = {MDPI Information journal},
	year    = {2019},
	volume  = {10},
	number  = {3},
	pages   = {106},
	month   = {mar},
}

@ARTICLE{54-Niyaz,
	author = {{Niyaz}, Quamar and {Sun}, Weiqing and {Javaid}, Ahmad Y},
	title = "{A Deep Learning Based DDoS Detection System in Software-Defined Networking (SDN)}",
	journal = {arXiv e-prints},
	keywords = {Computer Science - Networking and Internet Architecture},
	year = 2016,
	month = nov,
	eid = {arXiv:1611.07400},
	pages = {arXiv:1611.07400},
	archivePrefix = {arXiv},
	eprint = {1611.07400},
	primaryClass = {cs.NI},
	adsurl = {https://ui.adsabs.harvard.edu/abs/2016arXiv161107400N},
	adsnote = {Provided by the SAO/NASA Astrophysics Data System}
}

@article{55-Li,
	author = {Li, Chuanhuang and Wu, Yan and Yuan, Xiaoyong and Sun, Zhengjun and Wang, Weiming and Li, Xiaolin and Gong, Liang},
	title = {Detection and defense of DDoS attack–based on deep learning in OpenFlow-based SDN},
	journal = {International Journal of Communication Systems},
	volume = {31},
	number = {5},
	pages = {e3497},
	keywords = {DDoS defense, DDoS detection, deep learning, distributed denial of service, Software-Defined Network},
	doi = {10.1002/dac.3497},
	url = {https://onlinelibrary.wiley.com/doi/abs/10.1002/dac.3497},
	eprint = {https://onlinelibrary.wiley.com/doi/pdf/10.1002/dac.3497},
	note = {e3497 IJCS-17-0848.R1},
	year = {2018}
}

@INPROCEEDINGS{67-Patle,
	author={A. {Patle} and D. S. {Chouhan}},
	booktitle={2013 International Conference on Advances in Technology and Engineering (ICATE)}, 
	title={SVM kernel functions for classification}, 
	year={2013},
	volume={},
	number={},
	pages={1-9},}

@article{68-Vapnik,
	author = {Cortes, Corinna and Vapnik, Vladimir},
	title = {Support-Vector Networks},
	year = {1995},
	issue_date = {Sept. 1995},
	publisher = {Kluwer Academic Publishers},
	address = {USA},
	volume = {20},
	number = {3},
	issn = {0885-6125},
	url = {https://doi.org/10.1023/A:1022627411411},
	doi = {10.1023/A:1022627411411},
	journal = {Mach. Learn.},
	month = sep,
	pages = {273–297},
	numpages = {25},
}

@ARTICLE{60-Kingma,
	author = {{Kingma}, Diederik P. and {Ba}, Jimmy},
	title = "{Adam: A Method for Stochastic Optimization}",
	journal = {arXiv e-prints},
	keywords = {Computer Science - Machine Learning},
	year = 2014,
	month = dec,
	eid = {arXiv:1412.6980},
	pages = {arXiv:1412.6980},
	archivePrefix = {arXiv},
	eprint = {1412.6980},
	primaryClass = {cs.LG},
	adsurl = {https://ui.adsabs.harvard.edu/abs/2014arXiv1412.6980K},
	adsnote = {Provided by the SAO/NASA Astrophysics Data System}
}

@InProceedings{70-Parmar,
	author="Parmar, Aakash
	and Katariya, Rakesh
	and Patel, Vatsal",
	editor="Hemanth, Jude
	and Fernando, Xavier
	and Lafata, Pavel
	and Baig, Zubair",
	title="A Review on Random Forest: An Ensemble Classifier",
	booktitle="International Conference on Intelligent Data Communication Technologies and Internet of Things (ICICI) 2018",
	year="2019",
	publisher="Springer International Publishing",
	address="Cham",
	pages="758--763",
	isbn="978-3-030-03146-6"
}

@inproceedings{71-Rish,
	title={An empirical study of the naive Bayes classifier},
	author={Rish, Irina and others},
	booktitle={IJCAI 2001 workshop on empirical methods in artificial intelligence},
	volume={3},
	number={22},
	pages={41--46},
	year={2001}
}

@INPROCEEDINGS{72-Somvanshi,
	author={M. {Somvanshi} and P. {Chavan} and S. {Tambade} and S. V. {Shinde}},
	booktitle={2016 International Conference on Computing Communication Control and automation (ICCUBEA)}, 
	title={A review of machine learning techniques using decision tree and support vector machine}, 
	year={2016},
	volume={},
	number={},
	pages={1-7},}
